@book{Sakurai2020,
  title = {Modern Quantum Mechanics},
  ISBN = {9781108473224},
  url = {http://dx.doi.org/10.1017/9781108587280},
  DOI = {10.1017/9781108587280},
  publisher = {Cambridge University Press},
  author = {Sakurai,  J. J. and Napolitano,  Jim},
  year = {2020},
  month = sep 
}

@article{Einstein1905,
  title = {Zur Elektrodynamik bewegter KÃ¶rper},
  volume = {322},
  issn = {1439-2955},
  url = {http://dx.doi.org/10.1007/BF01411638},
  DOI = {10.1007/BF01411638},
  number = {3},
  journal = {Annalen der Physik},
  author = {Einstein, A.},
  year = {1905},
  month = jun,
  pages = {891--921}
}